@String(PAMI = {IEEE Trans. Pattern Anal. Mach. Intell.})
@String(IJCV = {Int. J. Comput. Vis.})
@String(CVPR= {IEEE Conf. Comput. Vis. Pattern Recog.})
@String(ICCV= {Int. Conf. Comput. Vis.})
@String(ECCV= {Eur. Conf. Comput. Vis.})
@String(NIPS= {Adv. Neural Inform. Process. Syst.})
@String(ICPR = {Int. Conf. Pattern Recog.})
@String(BMVC= {Brit. Mach. Vis. Conf.})
@String(TOG= {ACM Trans. Graph.})
@String(TIP  = {IEEE Trans. Image Process.})
@String(TVCG  = {IEEE Trans. Vis. Comput. Graph.})
@String(TMM  = {IEEE Trans. Multimedia})
@String(ACMMM= {ACM Int. Conf. Multimedia})
@String(ICME = {Int. Conf. Multimedia and Expo})
@String(ICASSP=	{ICASSP})
@String(ICIP = {IEEE Int. Conf. Image Process.})
@String(ACCV  = {ACCV})
@String(ICLR = {Int. Conf. Learn. Represent.})
@String(IJCAI = {IJCAI})
@String(PR   = {Pattern Recognition})
@String(AAAI = {AAAI})
@String(CVPRW= {IEEE Conf. Comput. Vis. Pattern Recog. Worksh.})
@String(CSVT = {IEEE Trans. Circuit Syst. Video Technol.})

@String(SPL	= {IEEE Sign. Process. Letters})
@String(VR   = {Vis. Res.})
@String(JOV	 = {J. Vis.})
@String(TVC  = {The Vis. Comput.})
@String(JCST  = {J. Comput. Sci. Tech.})
@String(CGF  = {Comput. Graph. Forum})
@String(CVM = {Computational Visual Media})


@String(PAMI  = {IEEE TPAMI})
@String(IJCV  = {IJCV})
@String(CVPR  = {CVPR})
@String(ICCV  = {ICCV})
@String(ECCV  = {ECCV})
@String(NIPS  = {NeurIPS})
@String(ICPR  = {ICPR})
@String(BMVC  =	{BMVC})
@String(TOG   = {ACM TOG})
@String(TIP   = {IEEE TIP})
@String(TVCG  = {IEEE TVCG})
@String(TCSVT = {IEEE TCSVT})
@String(TMM   =	{IEEE TMM})
@String(ACMMM = {ACM MM})
@String(ICME  =	{ICME})
@String(ICASSP=	{ICASSP})
@String(ICIP  = {ICIP})
@String(ACCV  = {ACCV})
@String(ICLR  = {ICLR})
@String(IJCAI = {IJCAI})
@String(PR = {PR})
@String(AAAI = {AAAI})
@String(CVPRW= {CVPRW})
@String(CSVT = {IEEE TCSVT})



@misc{Authors14,
 author = {FirstName LastName},
 title = {The frobnicatable foo filter},
 note = {Face and Gesture submission ID 324. Supplied as supplemental material {\tt fg324.pdf}},
 year = 2014
}

@misc{Authors14b,
 author = {FirstName LastName},
 title = {Frobnication tutorial},
 note = {Supplied as supplemental material {\tt tr.pdf}},
 year = 2014
}

@article{Alpher02,
author = {FirstName Alpher},
title = {Frobnication},
journal = PAMI,
volume = 12,
number = 1,
pages = {234--778},
year = 2002
}

@article{Alpher03,
author = {FirstName Alpher and  FirstName Fotheringham-Smythe},
title = {Frobnication revisited},
journal = {Journal of Foo},
volume = 13,
number = 1,
pages = {234--778},
year = 2003
}

@article{Alpher04,
author = {FirstName Alpher and FirstName Fotheringham-Smythe and FirstName Gamow},
title = {Can a machine frobnicate?},
journal = {Journal of Foo},
volume = 14,
number = 1,
pages = {234--778},
year = 2004
}

@inproceedings{Alpher05,
author = {FirstName Alpher and FirstName Gamow},
title = {Can a computer frobnicate?},
booktitle = CVPR,
pages = {234--778},
year = 2005
}

%%%%%%%%%%%%%%%%%%% start %%%%%%%%%%%%%%%%%%%%%
%%%%%%%%%%%%%%%%% Introduction %%%%%%%%%%%%%%%%

@Techreport{world2017depression,
  title={Depression and other common mental disorders: global health estimates},
  author={World Health Organization and others},
  year={2017},
  institution={World Health Organization}
}

@Article{bhugra2004globalisation,
  title={Globalisation and mental disorders: overview with relation to depression},
  author={Bhugra, Dinesh and Mastrogianni, Anastasia},
  journal={The British Journal of Psychiatry},
  volume={184},
  number={1},
  pages={10--20},
  year={2004},
  publisher={Cambridge University Press}
}

@Article{rao2008understanding,
  title={Understanding nutrition, depression and mental illnesses},
  author={Rao, TS Sathyanarayana and Asha, MR and Ramesh, BN and Rao, KS Jagannatha},
  journal={Indian journal of psychiatry},
  volume={50},
  number={2},
  pages={77},
  year={2008},
  publisher={Wolters Kluwer--Medknow Publications}
}

@Article{eisenberg2007prevalence,
  title={Prevalence and correlates of depression, anxiety, and suicidality among university students},
  author={Eisenberg, Daniel and Gollust, Sarah E and Golberstein, Ezra and Hefner, Jennifer L},
  journal={American journal of orthopsychiatry},
  volume={77},
  number={4},
  pages={534--542},
  year={2007},
  publisher={Wiley Online Library}
}

@Article{bergfeld2018treatment,
  title={Treatment-resistant depression and suicidality},
  author={Bergfeld, Isidoor O and Mantione, Mariska and Figee, Martijn and Schuurman, P Richard and Lok, Anja and Denys, Damiaan},
  journal={Journal of affective disorders},
  volume={235},
  pages={362--367},
  year={2018},
  publisher={Elsevier}
}

@Article{hemming2019alexithymia,
  title={Alexithymia and its associations with depression, suicidality, and aggression: an overview of the literature},
  author={Hemming, Laura and Haddock, Gillian and Shaw, Jennifer and Pratt, Daniel},
  journal={Frontiers in psychiatry},
  volume={10},
  pages={203},
  year={2019},
  publisher={Frontiers Media SA}
}

@Article{faust1988expert,
  title={The expert witness in psychology and psychiatry},
  author={Faust, David and Ziskin, Jay},
  journal={Science},
  volume={241},
  number={4861},
  pages={31--35},
  year={1988},
  publisher={American Association for the Advancement of Science}
}

%%%%%%%%%%%%%%%%emotion%%%%%%%%%%%%%%%%%%%%%
@inproceedings{hicheur2013perception,
  title={Perception of emotional gaits using avatar animation of real and artificially synthesized gaits},
  author={Hicheur, Halim and Kadone, Hideki and Grezes, Julie and Berthoz, Alain},
  booktitle={2013 Humaine Association Conference on Affective Computing and Intelligent Interaction},
  pages={460--466},
  year={2013},
  organization={IEEE}
}

@article{montepare1987identification,
  title={The identification of emotions from gait information},
  author={Montepare, Joann M and Goldstein, Sabra B and Clausen, Annmarie},
  journal={Journal of Nonverbal Behavior},
  volume={11},
  number={1},
  pages={33--42},
  year={1987},
  publisher={Springer}
}

@article{roether2009critical,
  title={Critical features for the perception of emotion from gait},
  author={Roether, Claire L and Omlor, Lars and Christensen, Andrea and Giese, Martin A},
  journal={Journal of vision},
  volume={9},
  number={6},
  pages={15--15},
  year={2009},
  publisher={The Association for Research in Vision and Ophthalmology}
}

@article{venture2014recognizing,
  title={Recognizing emotions conveyed by human gait},
  author={Venture, Gentiane and Kadone, Hideki and Zhang, Tianxiang and Gr{\`e}zes, Julie and Berthoz, Alain and Hicheur, Halim},
  journal={International Journal of Social Robotics},
  volume={6},
  number={4},
  pages={621--632},
  year={2014},
  publisher={Springer}
}

@article{gross2012effort,
  title={Effort-shape and kinematic assessment of bodily expression of emotion during gait},
  author={Gross, M Melissa and Crane, Elizabeth A and Fredrickson, Barbara L},
  journal={Human movement science},
  volume={31},
  number={1},
  pages={202--221},
  year={2012},
  publisher={Elsevier}
}

@article{janssen2008recognition,
  title={Recognition of emotions in gait patterns by means of artificial neural nets},
  author={Janssen, Daniel and Sch{\"o}llhorn, Wolfgang I and Lubienetzki, Jessica and F{\"o}lling, Karina and Kokenge, Henrike and Davids, Keith},
  journal={Journal of Nonverbal Behavior},
  volume={32},
  number={2},
  pages={79--92},
  year={2008},
  publisher={Springer}
}

@article{kang2016effect,
  title={The effect of emotion on movement smoothness during gait in healthy young adults},
  author={Kang, Gu Eon and Gross, M Melissa},
  journal={Journal of biomechanics},
  volume={49},
  number={16},
  pages={4022--4027},
  year={2016},
  publisher={Elsevier}
}


@article{li2016emotion,
  title={Emotion recognition using Kinect motion capture data of human gaits},
  author={Li, Shun and Cui, Liqing and Zhu, Changye and Li, Baobin and Zhao, Nan and Zhu, Tingshao},
  journal={PeerJ},
  volume={4},
  pages={e2364},
  year={2016},
  publisher={PeerJ Inc.}
}

@article{li2016identifying,
  title={Identifying emotions from non-contact gaits information based on microsoft kinects},
  author={Li, Baobin and Zhu, Changye and Li, Shun and Zhu, Tingshao},
  journal={IEEE Transactions on Affective Computing},
  volume={9},
  number={4},
  pages={585--591},
  year={2016},
  publisher={IEEE}
}

@inproceedings{bhattacharya2020step,
  title={Step: Spatial temporal graph convolutional networks for emotion perception from gaits},
  author={Bhattacharya, Uttaran and Mittal, Trisha and Chandra, Rohan and Randhavane, Tanmay and Bera, Aniket and Manocha, Dinesh},
  booktitle={Proceedings of the AAAI Conference on Artificial Intelligence},
  volume={34},
  number={02},
  pages={1342--1350},
  year={2020}
}

%%%%%%%%%%gait
@article{sloman1982gait,
  title={Gait patterns of depressed patients and normal subjects.},
  author={Sloman, Leon and Berridge, Mavis and Homatidis, S and Hunter, D and Duck, T},
  journal={The American journal of psychiatry},
  year={1982},
  publisher={American Psychiatric Assn}
}

@article{lemke2000spatiotemporal,
  title={Spatiotemporal gait patterns during over ground locomotion in major depression compared with healthy controls},
  author={Lemke, Matthias R and Wendorff, Thomas and Mieth, Brigitt and Buhl, Katharina and Linnemann, Martin},
  journal={Journal of psychiatric research},
  volume={34},
  number={4-5},
  pages={277--283},
  year={2000},
  publisher={Elsevier}
}

@article{michalak2009embodiment,
  title={Embodiment of sadness and depressionâ€”gait patterns associated with dysphoric mood},
  author={Michalak, Johannes and Troje, Nikolaus F and Fischer, Julia and Vollmar, Patrick and Heidenreich, Thomas and Schulte, Dietmar},
  journal={Psychosomatic medicine},
  volume={71},
  number={5},
  pages={580--587},
  year={2009},
  publisher={LWW}
}

@article{radovanovic2014gait,
  title={Gait characteristics in patients with major depression performing cognitive and motor tasks while walking},
  author={Radovanovi{\'c}, Sa{\v{s}}a and Jovi{\v{c}}i{\'c}, Milica and Mari{\'c}, Nadja P and Kosti{\'c}, Vladimir},
  journal={Psychiatry research},
  volume={217},
  number={1-2},
  pages={39--46},
  year={2014},
  publisher={Elsevier}
}

@article{zhao2019see,
  title={See your mental state from your walk: Recognizing anxiety and depression through Kinect-recorded gait data},
  author={Zhao, Nan and Zhang, Zhan and Wang, Yameng and Wang, Jingying and Li, Baobin and Zhu, Tingshao and Xiang, Yuanyuan},
  journal={PLoS one},
  volume={14},
  number={5},
  pages={e0216591},
  year={2019},
  publisher={Public Library of Science San Francisco, CA USA}
}

@inproceedings{yuan2018depression,
  title={Depression identification from gait spectrum features based on hilbert-huang transform},
  author={Yuan, YaHui and Li, Baobin and Wang, Ning and Ye, Qing and Liu, Yan and Zhu, Tingshao},
  booktitle={International Conference on Human Centered Computing},
  pages={503--515},
  year={2018},
  organization={Springer}
}

@article{fang2019depression,
  title={Depression prevalence in postgraduate students and its association with gait abnormality},
  author={Fang, Jing and Wang, Tao and Li, Cancheng and Hu, Xiping and Ngai, Edith and Seet, Boon-Chong and Cheng, Jun and Guo, Yi and Jiang, Xin},
  journal={IEEE Access},
  volume={7},
  pages={174425--174437},
  year={2019},
  publisher={IEEE}
}

@inproceedings{jing2019different,
  title={Different performances of speech and natural gait in identifying anxiety and depression},
  author={Jing, Chunke and Liu, Xiaoqian and Zhao, Nan and Zhu, Tingshao},
  booktitle={International Conference on Human Centered Computing},
  pages={200--210},
  year={2019},
  organization={Springer}
}

@article{wang2020gait,
  title={A gait assessment framework for depression detection using kinect sensors},
  author={Wang, Tao and Li, Cancheng and Wu, Chunyun and Zhao, Chengjian and Sun, Jieqiong and Peng, Hong and Hu, Xiping and Hu, Bin},
  journal={IEEE Sensors Journal},
  volume={21},
  number={3},
  pages={3260--3270},
  year={2020},
  publisher={IEEE}
}

@inproceedings{lu2021new,
  title={A new skeletal representation based on gait for depression detection},
  author={Lu, Haifeng and Shao, Wei and Ngai, Edith and Hu, Xiping and Hu, Bin},
  booktitle={2020 IEEE International Conference on E-health Networking, Application \& Services (HEALTHCOM)},
  pages={1--6},
  year={2021},
  organization={IEEE}
}

@article{wang2021detecting,
  title={Detecting depression through gait data: examining the contribution of gait features in recognizing depression},
  author={Wang, Yameng and Wang, Jingying and Liu, Xiaoqian and Zhu, Tingshao},
  journal={Frontiers in psychiatry},
  volume={12},
  pages={661213},
  year={2021},
  publisher={Frontiers Media SA}
}

@article{yang2022data,
  title={Data Augmentation for Depression Detection Using Skeleton-Based Gait Information},
  author={Yang, Jingjing and Lu, Haifeng and Li, Chengming and Hu, Xiping and Hu, Bin},
  journal={arXiv preprint arXiv:2201.01115},
  year={2022}
}

@article{bovi2011multiple,
  title={A multiple-task gait analysis approach: kinematic, kinetic and EMG reference data for healthy young and adult subjects},
  author={Bovi, Gabriele and Rabuffetti, Marco and Mazzoleni, Paolo and Ferrarin, Maurizio},
  journal={Gait \& posture},
  volume={33},
  number={1},
  pages={6--13},
  year={2011},
  publisher={Elsevier}
}

@article{baker2016gait,
  title={Gait analysis: clinical facts},
  author={Baker, Richard and Esquenazi, Alberto and Benedetti, Maria Grazia and Desloovere, Kaat},
  journal={Eur. J. Phys. Rehabil. Med},
  volume={52},
  number={4},
  pages={560--574},
  year={2016}
}
@String(PAMI = {IEEE Trans. Pattern Anal. Mach. Intell.})
@String(IJCV = {Int. J. Comput. Vis.})
@String(CVPR= {IEEE Conf. Comput. Vis. Pattern Recog.})
@String(ICCV= {Int. Conf. Comput. Vis.})
@String(ECCV= {Eur. Conf. Comput. Vis.})
@String(NIPS= {Adv. Neural Inform. Process. Syst.})
@String(ICPR = {Int. Conf. Pattern Recog.})
@String(BMVC= {Brit. Mach. Vis. Conf.})
@String(TOG= {ACM Trans. Graph.})
@String(TIP  = {IEEE Trans. Image Process.})
@String(TVCG  = {IEEE Trans. Vis. Comput. Graph.})
@String(TMM  = {IEEE Trans. Multimedia})
@String(ACMMM= {ACM Int. Conf. Multimedia})
@String(ICME = {Int. Conf. Multimedia and Expo})
@String(ICASSP=	{ICASSP})
@String(ICIP = {IEEE Int. Conf. Image Process.})
@String(ACCV  = {ACCV})
@String(ICLR = {Int. Conf. Learn. Represent.})
@String(IJCAI = {IJCAI})
@String(PR   = {Pattern Recognition})
@String(AAAI = {AAAI})
@String(CVPRW= {IEEE Conf. Comput. Vis. Pattern Recog. Worksh.})
@String(CSVT = {IEEE Trans. Circuit Syst. Video Technol.})

@String(SPL	= {IEEE Sign. Process. Letters})
@String(VR   = {Vis. Res.})
@String(JOV	 = {J. Vis.})
@String(TVC  = {The Vis. Comput.})
@String(JCST  = {J. Comput. Sci. Tech.})
@String(CGF  = {Comput. Graph. Forum})
@String(CVM = {Computational Visual Media})


@String(PAMI  = {IEEE TPAMI})
@String(IJCV  = {IJCV})
@String(CVPR  = {CVPR})
@String(ICCV  = {ICCV})
@String(ECCV  = {ECCV})
@String(NIPS  = {NeurIPS})
@String(ICPR  = {ICPR})
@String(BMVC  =	{BMVC})
@String(TOG   = {ACM TOG})
@String(TIP   = {IEEE TIP})
@String(TVCG  = {IEEE TVCG})
@String(TCSVT = {IEEE TCSVT})
@String(TMM   =	{IEEE TMM})
@String(ACMMM = {ACM MM})
@String(ICME  =	{ICME})
@String(ICASSP=	{ICASSP})
@String(ICIP  = {ICIP})
@String(ACCV  = {ACCV})
@String(ICLR  = {ICLR})
@String(IJCAI = {IJCAI})
@String(PR = {PR})
@String(AAAI = {AAAI})
@String(CVPRW= {CVPRW})
@String(CSVT = {IEEE TCSVT})


@article{michalak2009embodiment,
  title={Embodiment of sadness and depressionâ€”gait patterns associated with dysphoric mood},
  author={Michalak, Johannes and Troje, Nikolaus F and Fischer, Julia and Vollmar, Patrick and Heidenreich, Thomas and Schulte, Dietmar},
  journal={Psychosomatic medicine},
  volume={71},
  number={5},
  pages={580--587},
  year={2009},
  publisher={LWW}
}
@article{bovi2011multiple,
  title={A multiple-task gait analysis approach: kinematic, kinetic and EMG reference data for healthy young and adult subjects},
  author={Bovi, Gabriele and Rabuffetti, Marco and Mazzoleni, Paolo and Ferrarin, Maurizio},
  journal={Gait \& posture},
  volume={33},
  number={1},
  pages={6--13},
  year={2011},
  publisher={Elsevier}
}
@article{yang2022data,
  title={Data Augmentation for Depression Detection Using Skeleton-Based Gait Information},
  author={Yang, Jingjing and Lu, Haifeng and Li, Chengming and Hu, Xiping and Hu, Bin},
  journal={arXiv preprint arXiv:2201.01115},
  year={2022}
}
@article{wu2016comprehensive,
  title={A comprehensive study on cross-view gait based human identification with deep cnns},
  author={Wu, Zifeng and Huang, Yongzhen and Wang, Liang and Wang, Xiaogang and Tan, Tieniu},
  journal={IEEE transactions on pattern analysis and machine intelligence},
  volume={39},
  number={2},
  pages={209--226},
  year={2016},
  publisher={IEEE}
}
@article{cippitelli2016human,
  title={A human activity recognition system using skeleton data from RGBD sensors},
  author={Cippitelli, Enea and Gasparrini, Samuele and Gambi, Ennio and Spinsante, Susanna},
  journal={Computational intelligence and neuroscience},
  volume={2016},
  year={2016},
  publisher={Hindawi}
}
@article{brandler2012depressive,
  title={Depressive symptoms and gait dysfunction in the elderly},
  author={Brandler, Tamar C and Wang, Cuiling and Oh-Park, Mooyeon and Holtzer, Roee and Verghese, Joe},
  journal={The American Journal of Geriatric Psychiatry},
  volume={20},
  number={5},
  pages={425--432},
  year={2012},
  publisher={Elsevier}
}
@article{lemke2000spatiotemporal,
  title={Spatiotemporal gait patterns during over ground locomotion in major depression compared with healthy controls},
  author={Lemke, Matthias R and Wendorff, Thomas and Mieth, Brigitt and Buhl, Katharina and Linnemann, Martin},
  journal={Journal of psychiatric research},
  volume={34},
  number={4-5},
  pages={277--283},
  year={2000},
  publisher={Elsevier}
}
@article{gabel2015dual,
  title={Dual-tasking gait variability and cognition in late-life depression},
  author={Gabel, Nicolette M and Crane, Natania A and Avery, Erich T and Kay, Rachel E and Laurent, Amanda and Giordani, Bruno and Alexander, Neil B and Weisenbach, Sara L},
  journal={International journal of geriatric psychiatry},
  volume={30},
  number={11},
  pages={1120--1128},
  year={2015},
  publisher={Wiley Online Library}
}
@article{bilney2003concurrent,
  title={Concurrent related validity of the GAITRite{\textregistered} walkway system for quantification of the spatial and temporal parameters of gait},
  author={Bilney, Belinda and Morris, Meg and Webster, Kate},
  journal={Gait \& posture},
  volume={17},
  number={1},
  pages={68--74},
  year={2003},
  publisher={Elsevier}
}
@article{menz2004reliability,
  title={Reliability of the GAITRite{\textregistered} walkway system for the quantification of temporo-spatial parameters of gait in young and older people},
  author={Menz, Hylton B and Latt, Mark D and Tiedemann, Anne and San Kwan, Marcella Mun and Lord, Stephen R},
  journal={Gait \& posture},
  volume={20},
  number={1},
  pages={20--25},
  year={2004},
  publisher={Elsevier}
}
@article{webster2005validity,
  title={Validity of the GAITRite{\textregistered} walkway system for the measurement of averaged and individual step parameters of gait},
  author={Webster, Kate E and Wittwer, Joanne E and Feller, Julian A},
  journal={Gait \& posture},
  volume={22},
  number={4},
  pages={317--321},
  year={2005},
  publisher={Elsevier}
}
@article{cho2018evaluation,
  title={Evaluation of validity and reliability of inertial measurement unit-based gait analysis systems},
  author={Cho, Young-Shin and Jang, Seong-Ho and Cho, Jae-Sung and Kim, Mi-Jung and Lee, Hyeok Dong and Lee, Sung Young and Moon, Sang-Bok},
  journal={Annals of rehabilitation medicine},
  volume={42},
  number={6},
  pages={872--883},
  year={2018},
  publisher={Korean Academy of Rehabilitation Medicine}
}
@article{wang2021detecting,
  title={Detecting depression through gait data: examining the contribution of gait features in recognizing depression},
  author={Wang, Yameng and Wang, Jingying and Liu, Xiaoqian and Zhu, Tingshao},
  journal={Frontiers in psychiatry},
  volume={12},
  pages={661213},
  year={2021},
  publisher={Frontiers Media SA}
}
@article{shao2021multi,
  title={A multi-modal gait analysis-based depression detection system},
  author={Shao, Wei and You, Zhiyang and Liang, Lesheng and Hu, Xiping and Li, Chengming and Wang, Wei and Hu, Bin},
  journal={IEEE journal of biomedical and health informatics},
  year={2021},
  publisher={IEEE}
}
@article{lemke2000spatiotemporal,
  title={Spatiotemporal gait patterns during over ground locomotion in major depression compared with healthy controls},
  author={Lemke, Matthias R and Wendorff, Thomas and Mieth, Brigitt and Buhl, Katharina and Linnemann, Martin},
  journal={Journal of psychiatric research},
  volume={34},
  number={4-5},
  pages={277--283},
  year={2000},
  publisher={Elsevier}
}
@article{sloman1982gait,
  title={Gait patterns of depressed patients and normal subjects.},
  author={Sloman, Leon and Berridge, Mavis and Homatidis, S and Hunter, D and Duck, T},
  journal={The American journal of psychiatry},
  year={1982},
  publisher={American Psychiatric Assn}
}
@article{wang2021detecting,
  title={Detecting depression through gait data: examining the contribution of gait features in recognizing depression},
  author={Wang, Yameng and Wang, Jingying and Liu, Xiaoqian and Zhu, Tingshao},
  journal={Frontiers in psychiatry},
  volume={12},
  pages={661213},
  year={2021},
  publisher={Frontiers Media SA}
}
@article{li2021simple,
  title={Simple action for depression detection: using kinect-recorded human kinematic skeletal data},
  author={Li, Wentao and Wang, Qingxiang and Liu, Xin and Yu, Yanhong},
  journal={BMC psychiatry},
  volume={21},
  number={1},
  pages={1--11},
  year={2021},
  publisher={BioMed Central}
}
@article{fang2019depression,
  title={Depression prevalence in postgraduate students and its association with gait abnormality},
  author={Fang, Jing and Wang, Tao and Li, Cancheng and Hu, Xiping and Ngai, Edith and Seet, Boon-Chong and Cheng, Jun and Guo, Yi and Jiang, Xin},
  journal={IEEE Access},
  volume={7},
  pages={174425--174437},
  year={2019},
  publisher={IEEE}
}
@article{lu2022postgraduate,
  title={Postgraduate Student Depression Assessment by Multimedia Gait Analysis},
  author={Lu, Haifeng and Xu, Shihao and Hu, Xiping and Ngai, Edith and Guo, Yi and Wang, Wei and Hu, Bin},
  journal={IEEE MultiMedia},
  year={2022},
  publisher={IEEE}
}
@inproceedings{yuan2018depression,
  title={Depression identification from gait spectrum features based on hilbert-huang transform},
  author={Yuan, YaHui and Li, Baobin and Wang, Ning and Ye, Qing and Liu, Yan and Zhu, Tingshao},
  booktitle={International Conference on Human Centered Computing},
  pages={503--515},
  year={2018},
  organization={Springer}
}

@article{daly2021depression,
  title={Depression reported by US adults in 2017--2018 and March and April 2020},
  author={Daly, Michael and Sutin, Angelina R and Robinson, Eric},
  journal={Journal of affective disorders},
  volume={278},
  pages={131--135},
  year={2021},
  publisher={Elsevier}
}
@article{choi2020depression,
  title={Depression and anxiety in Hong Kong during COVID-19},
  author={Choi, Edmond Pui Hang and Hui, Bryant Pui Hung and Wan, Eric Yuk Fai},
  journal={International journal of environmental research and public health},
  volume={17},
  number={10},
  pages={3740},
  year={2020},
  publisher={Multidisciplinary Digital Publishing Institute}
}
@article{hyland2020anxiety,
  title={Anxiety and depression in the Republic of Ireland during the COVID-19 pandemic},
  author={Hyland, Philip and Shevlin, Mark and McBride, Orla and Murphy, Jamie and Karatzias, Thanos and Bentall, Richard P and Martinez, Anton and Valli{\`e}res, Fr{\'e}d{\'e}rique},
  journal={Acta Psychiatrica Scandinavica},
  volume={142},
  number={3},
  pages={249--256},
  year={2020},
  publisher={Wiley Online Library}
}



